book_id,price,discount,date
115076,128000,20,2023-09-25 15:20:53.746373
112266,100000,20,2023-09-25 15:20:54.226673
105144,100000,30,2023-09-25 15:20:54.359188
25277,145000,25,2023-09-25 15:20:54.449290
105323,69000,25,2023-09-25 15:20:54.783484
25671,78000,0,2023-09-25 15:20:55.040333
36714,220000,25,2023-09-25 15:20:55.152333
19941,80000,25,2023-09-25 15:20:55.242332
8108,50000,30,2023-09-25 15:20:55.351946
67734,180000,15,2023-09-25 15:20:55.504015
14109,350000,20,2023-09-25 15:20:55.667833
67445,72000,0,2023-09-25 15:20:55.750833
7204,15000,0,2023-09-25 15:20:55.974836
16787,75000,25,2023-09-25 15:20:56.024837
87800,36000,25,2023-09-25 15:20:56.079833
42613,90000,25,2023-09-25 15:20:56.131833
76229,90000,25,2023-09-25 15:20:56.191833
97859,69000,0,2023-09-25 15:20:56.239834
59490,65000,10,2023-09-25 15:20:56.285841
25342,50000,0,2023-09-25 15:20:56.803744
58825,96000,25,2023-09-25 15:20:58.557281
41530,10800,25,2023-09-25 15:20:58.702278
14025,185000,15,2023-09-25 15:20:58.761522
101356,299000,15,2023-09-25 15:20:59.150485
112151,359000,0,2023-09-25 15:20:59.440438
68597,180000,25,2023-09-25 15:20:59.913771
32439,15000,25,2023-09-25 15:21:00.025507
77557,55000,0,2023-09-25 15:21:00.140002
45609,175000,30,2023-09-25 15:21:00.273998
112073,40000,30,2023-09-25 15:21:00.416032
35961,15000,20,2023-09-25 15:21:00.500996
13329,322000,25,2023-09-25 15:21:00.592063
22209,24500,0,2023-09-25 15:21:00.645061
77393,50000,20,2023-09-25 15:21:00.735063
77497,50000,0,2023-09-25 15:21:00.754061
115062,420000,20,2023-09-25 15:21:00.845063
55620,25000,30,2023-09-25 15:21:00.935103
14386,10000,0,2023-09-25 15:21:01.004139
58102,49000,20,2023-09-25 15:21:01.132971
105356,118000,15,2023-09-25 15:21:01.227970
12000,205000,20,2023-09-25 15:21:01.313972
21706,160000,25,2023-09-25 15:21:01.412966
47876,95000,25,2023-09-25 15:21:01.552358
97884,8000,0,2023-09-25 15:21:01.649970
96673,129000,20,2023-09-25 15:21:01.730105
103421,6500,0,2023-09-25 15:21:01.839142
9874,20000,0,2023-09-25 15:21:01.905144
76217,300000,25,2023-09-25 15:21:01.952142
120784,50000,20,2023-09-25 15:21:02.054145
35814,23000,0,2023-09-25 15:21:02.159178
39609,155000,10,2023-09-25 15:21:02.365509
47135,70000,25,2023-09-25 15:21:02.680474
42852,35000,20,2023-09-25 15:21:02.878998
100800,100000,30,2023-09-25 15:21:03.385573
110423,50000,0,2023-09-25 15:21:03.573275
25266,42000,25,2023-09-25 15:21:03.639276
9166,5000,0,2023-09-25 15:21:03.695276
56525,24000,0,2023-09-25 15:21:03.795329
65401,48000,25,2023-09-25 15:21:03.862614
24730,35000,0,2023-09-25 15:21:03.876181
63869,125000,30,2023-09-25 15:21:04.185483
53591,160000,20,2023-09-25 15:21:04.259485
51907,22000,25,2023-09-25 15:21:04.325173
93513,30000,25,2023-09-25 15:21:04.414999
95405,140000,10,2023-09-25 15:21:04.464963
65092,60000,0,2023-09-25 15:21:04.690237
82032,20000,25,2023-09-25 15:21:04.852793
16610,9000,25,2023-09-25 15:21:05.327255
54804,175000,15,2023-09-25 15:21:05.626173
54964,50000,0,2023-09-25 15:21:05.649173
72639,145000,0,2023-09-25 15:21:05.668173
10752,14000,0,2023-09-25 15:21:05.949173
67621,50000,25,2023-09-25 15:21:06.342173
48714,85000,25,2023-09-25 15:21:06.430260
31044,10000,0,2023-09-25 15:21:06.775191
91979,20000,25,2023-09-25 15:21:06.883189
91983,20000,0,2023-09-25 15:21:06.957191
120918,30000,20,2023-09-25 15:21:07.018231
38799,20000,30,2023-09-25 15:21:07.073225
58802,22000,25,2023-09-25 15:21:07.147227
121973,89000,0,2023-09-25 15:21:07.209401
53873,60000,25,2023-09-25 15:21:07.292627
25290,450000,15,2023-09-25 15:21:07.566622
112043,55000,25,2023-09-25 15:21:07.678781
61049,75000,25,2023-09-25 15:21:07.787694
44894,75000,25,2023-09-25 15:21:08.453797
86204,36000,30,2023-09-25 15:21:09.098745
13754,180000,15,2023-09-25 15:21:09.261722
82579,194000,0,2023-09-25 15:21:09.296715
103252,120000,0,2023-09-25 15:21:09.326707
19083,59000,0,2023-09-25 15:21:09.468616
19085,120000,0,2023-09-25 15:21:09.503698
19084,135000,0,2023-09-25 15:21:09.516738
12625,120000,0,2023-09-25 15:21:09.579704
45096,65000,30,2023-09-25 15:21:09.638745
104322,90000,25,2023-09-25 15:21:11.881395
56872,55000,25,2023-09-25 15:21:11.933396
89058,48000,25,2023-09-25 15:21:12.047297
28215,150000,20,2023-09-25 15:21:12.317864
55300,49000,0,2023-09-25 15:21:12.334864
70486,90000,0,2023-09-25 15:21:12.367110
16402,95000,25,2023-09-25 15:21:12.584115
1806,290000,20,2023-09-25 15:21:12.762149
99202,295000,0,2023-09-25 15:21:12.911232
22086,120000,0,2023-09-25 15:21:13.003231
38114,140000,0,2023-09-25 15:21:13.195315
10985,45000,15,2023-09-25 15:21:13.293539
108433,350000,25,2023-09-25 15:21:13.348350
113424,300000,30,2023-09-25 15:21:13.531362
6580,35000,0,2023-09-25 15:21:13.584362
6581,12000,0,2023-09-25 15:21:13.596885
6582,65000,0,2023-09-25 15:21:13.608884
54330,25000,0,2023-09-25 15:21:13.620883
25496,140000,30,2023-09-25 15:21:13.693743
114248,90000,30,2023-09-25 15:21:13.764741
62339,350000,25,2023-09-25 15:21:13.827764
68540,59000,25,2023-09-25 15:21:14.081332
97089,26000,20,2023-09-25 15:21:14.290483
75043,60000,20,2023-09-25 15:21:14.512517
30350,45000,0,2023-09-25 15:21:14.631482
12646,15000,0,2023-09-25 15:21:14.763263
113135,165000,20,2023-09-25 15:21:14.934266
87974,330000,15,2023-09-25 15:21:14.998307
73212,130000,25,2023-09-25 15:21:15.082307
43193,11000,0,2023-09-25 15:21:15.152309
95348,12000,10,2023-09-25 15:21:15.220349
4645,115000,15,2023-09-25 15:21:15.321346
64191,90000,0,2023-09-25 15:21:15.611697
6795,350000,30,2023-09-25 15:21:15.948474
6220,19000,20,2023-09-25 15:21:16.142630
16340,250000,0,2023-09-25 15:21:16.193187
19400,175000,15,2023-09-25 15:21:16.240231
1459,155000,20,2023-09-25 15:21:16.313189
61804,25000,25,2023-09-25 15:21:16.391207
108907,75000,15,2023-09-25 15:21:16.707343
20710,37500,25,2023-09-25 15:21:16.884317
17229,25000,15,2023-09-25 15:21:17.224602
90054,20000,0,2023-09-25 15:21:17.607618
101751,160000,25,2023-09-25 15:21:17.703252
119965,20000,25,2023-09-25 15:21:17.792212
42034,65000,15,2023-09-25 15:21:17.870211
5558,60000,25,2023-09-25 15:21:17.937338
103181,218000,15,2023-09-25 15:21:18.024374
61971,72000,25,2023-09-25 15:21:18.152218
112929,90000,30,2023-09-25 15:21:18.717672
96864,75000,25,2023-09-25 15:21:18.776593
38636,330000,25,2023-09-25 15:21:18.829635
25293,30000,25,2023-09-25 15:21:18.898596
25291,30000,0,2023-09-25 15:21:18.912592
25294,30000,0,2023-09-25 15:21:18.963594
45249,7000,0,2023-09-25 15:21:19.099814
58217,55000,20,2023-09-25 15:21:19.181817
44964,70000,25,2023-09-25 15:21:19.264815
48519,161000,0,2023-09-25 15:21:19.664448
836,110000,20,2023-09-25 15:21:19.858714
104687,176000,0,2023-09-25 15:21:19.883912
77387,120000,20,2023-09-25 15:21:19.961710
35100,1500,0,2023-09-25 15:21:20.075895
25702,232000,0,2023-09-25 15:21:20.499170
88768,85000,25,2023-09-25 15:21:20.727420
28379,35000,15,2023-09-25 15:21:20.859490
47448,75000,30,2023-09-25 15:21:20.919456
68118,50000,25,2023-09-25 15:21:21.127837
27248,58000,0,2023-09-25 15:21:21.296651
14898,325000,30,2023-09-25 15:21:21.447847
21642,78000,0,2023-09-25 15:21:21.689763
39815,10000,20,2023-09-25 15:21:21.808280
37247,60000,30,2023-09-25 15:21:21.863289
31294,14000,0,2023-09-25 15:21:21.919241
62651,12000,0,2023-09-25 15:21:21.993298
95972,55000,25,2023-09-25 15:21:22.093826
54602,60000,25,2023-09-25 15:21:22.185826
104887,170000,25,2023-09-25 15:21:22.270434
99437,18000,0,2023-09-25 15:21:22.733675
53528,250000,20,2023-09-25 15:21:22.833412
73472,15000,25,2023-09-25 15:21:22.920114
108426,400000,25,2023-09-25 15:21:23.042412
31227,175000,0,2023-09-25 15:21:23.122952
54954,220000,25,2023-09-25 15:21:23.245148
39778,18000,20,2023-09-25 15:21:23.541097
56507,79900,0,2023-09-25 15:21:23.737094
36784,180000,30,2023-09-25 15:21:23.808092
29097,165000,30,2023-09-25 15:21:23.877095
16322,125000,0,2023-09-25 15:21:23.934689
31218,10000,0,2023-09-25 15:21:23.995767
24058,268000,20,2023-09-25 15:21:24.132227
15930,18000,0,2023-09-25 15:21:24.275770
72208,2500,0,2023-09-25 15:21:24.783862
69781,48000,10,2023-09-25 15:21:24.879121
91810,32000,20,2023-09-25 15:21:24.935119
17883,175000,20,2023-09-25 15:21:24.996159
44256,13500,0,2023-09-25 15:21:25.043121
22144,23500,0,2023-09-25 15:21:25.092202
112506,160000,20,2023-09-25 15:21:25.213179
79809,110000,20,2023-09-25 15:21:25.294182
103007,25000,20,2023-09-25 15:21:25.394815
76746,60000,0,2023-09-25 15:21:25.622744
85169,250000,15,2023-09-25 15:21:25.867743
37220,10000,0,2023-09-25 15:21:25.935655
103952,2500,0,2023-09-25 15:21:26.087657
102715,110000,25,2023-09-25 15:21:26.282697
86057,40000,25,2023-09-25 15:21:26.338730
96110,30000,25,2023-09-25 15:21:26.397837
83605,18000,25,2023-09-25 15:21:26.448801
120555,59000,20,2023-09-25 15:21:26.495930
3521,10000,20,2023-09-25 15:21:26.611835
3519,50000,0,2023-09-25 15:21:26.634800
1863,35000,0,2023-09-25 15:21:26.822843
13625,12500,0,2023-09-25 15:21:26.866802
29840,30000,30,2023-09-25 15:21:26.947839
46529,290000,20,2023-09-25 15:21:27.075835
45811,100000,25,2023-09-25 15:21:27.130853
110410,55000,20,2023-09-25 15:21:27.216424
252,45000,0,2023-09-25 15:21:27.286738
60686,48000,0,2023-09-25 15:21:27.365056
57694,140000,25,2023-09-25 15:21:27.445095
60815,8000,0,2023-09-25 15:21:27.485091
43592,80000,0,2023-09-25 15:21:27.524704
34605,32000,0,2023-09-25 15:21:27.565645
34500,74000,25,2023-09-25 15:21:27.612314
